<?xml version="1.0"?>
<record xmlns="http://www.loc.gov/MARC21/slim"><leader>00000nam  2200277   4500</leader><controlfield tag="001">99865026e</controlfield><controlfield tag="003">UnM</controlfield><controlfield tag="005">19961010163452.0</controlfield><controlfield tag="006">m    g   d</controlfield><controlfield tag="007">cr bn |||a|bb|</controlfield><controlfield tag="008">940112s1649    enk     s     00| | eng d</controlfield><datafield tag="037" ind1=" " ind2=" "><subfield code="a">CL0051000003</subfield><subfield code="b">ProQuest Information and Learning. 300 N. Zeeb Rd., Ann Arbor, MI 48106</subfield></datafield><datafield tag="040" ind1=" " ind2=" "><subfield code="a">Cu-RivES</subfield><subfield code="c">Cu-RivES</subfield><subfield code="d">CStRLIN</subfield><subfield code="e">dcrb</subfield><subfield code="d">WaOLN</subfield></datafield><datafield tag="245" ind1="0" ind2="4"><subfield code="a">The VVelsh embassador, or the happy newes his vvorship hath brought to London.</subfield><subfield code="h">[electronic resource] :</subfield><subfield code="b">Togetherwith her thirteen articles of acreements, which her propounds to all her cousens in her principality of Wales,and her Cities of London.</subfield></datafield><datafield tag="246" ind1="2" ind2=" "><subfield code="a">Happy newes his vvorship hath brought to London</subfield></datafield><datafield tag="260" ind1=" " ind2=" "><subfield code="a">[London] :</subfield><subfield code="b">Printed for George Roberts, and are to be soldat the Maiden Head on Snow-Hill neer Holborn Conduit,</subfield><subfield code="c">1649.</subfield></datafield><datafield tag="300" ind1=" " ind2=" "><subfield code="a">[2], 6 p.</subfield></datafield><datafield tag="500" ind1=" " ind2=" "><subfield code="a">Place of publication from Wing.</subfield></datafield><datafield tag="500" ind1=" " ind2=" "><subfield code="a">Annotation on Thomason copy: "May 4th".</subfield></datafield><datafield tag="500" ind1=" " ind2=" "><subfield code="a">Reproduction of the original in the British Library.</subfield></datafield><datafield tag="510" ind1="4" ind2=" "><subfield code="a">Wing (2nd ed.)</subfield><subfield code="c">W1315.</subfield></datafield><datafield tag="510" ind1="4" ind2=" "><subfield code="a">Thomason</subfield><subfield code="c">E.552[19].</subfield></datafield><datafield tag="533" ind1=" " ind2=" "><subfield code="a">Electronic reproduction.</subfield><subfield code="b">Ann Arbor, Mich. :</subfield><subfield code="c">UMI,</subfield><subfield code="d">1999-</subfield><subfield code="f">(Early English books online)</subfield><subfield code="n">Digital version of: (Thomason Tracts ; 85:E552[19])</subfield><subfield code="7">s1999    miun s</subfield></datafield><datafield tag="651" ind1=" " ind2="4"><subfield code="a">Great Britain</subfield><subfield code="x">Politics and government</subfield><subfield code="y">1642-1649</subfield><subfield code="v">Early works to 1800.</subfield></datafield><datafield tag="830" ind1=" " ind2="0"><subfield code="a">Early English books online.</subfield></datafield><datafield tag="856" ind1="4" ind2="0"><subfield code="z">E-book (Onsite access at NYPL Research Libraries)</subfield><subfield code="u">http://gateway.proquest.com/openurl?ctx_ver=Z39.88-2003&amp;res_id=xri:eebo&amp;rft_val_fmt=&amp;rft_id=xri:eebo:image:117259</subfield></datafield><datafield tag="909" ind1=" " ind2=" "><subfield code="a">Not for export in OCLC Reclamation Project</subfield></datafield></record>
